<record><leader>00000cas a2200000 a 4500</leader><controlfield tag="001">11503190</controlfield><controlfield tag="008">841217d19761995nyuwr ne      0   a0eng c</controlfield><datafield ind1=" " ind2=" " tag="010"><subfield code="a">sn2001062077</subfield></datafield><datafield ind1=" " ind2=" " tag="040"><subfield code="a">VVW</subfield><subfield code="b">eng</subfield><subfield code="c">VVW</subfield><subfield code="d">NYS</subfield><subfield code="d">DLC</subfield><subfield code="d">NYS</subfield><subfield code="d">DLC</subfield><subfield code="d">OCLCQ</subfield><subfield code="d">OCLCF</subfield><subfield code="d">OCLCO</subfield><subfield code="d">OCLCA</subfield></datafield><datafield ind1=" " ind2=" " tag="037"><subfield code="b">190 Main St., White Plains, N.Y., (914) 428-0930</subfield></datafield><datafield ind1=" " ind2=" " tag="042"><subfield code="a">pcc</subfield></datafield><datafield ind1=" " ind2=" " tag="043"><subfield code="a">n-us-ny</subfield></datafield><datafield ind1="0" ind2=" " tag="130"><subfield code="a">Suburban street (White Plains, N.Y.)</subfield></datafield><datafield ind1="1" ind2="0" tag="245"><subfield code="a">Suburban street.</subfield></datafield><datafield ind1=" " ind2=" " tag="260"><subfield code="a">White Plains, N.Y. :</subfield><subfield code="b">Suburban Street News, Inc.,</subfield><subfield code="c">1976-1995.</subfield></datafield><datafield ind1=" " ind2=" " tag="300"><subfield code="a">20 v. :</subfield><subfield code="b">ill. ;</subfield><subfield code="c">43 cm.</subfield></datafield><datafield ind1="0" ind2=" " tag="362"><subfield code="a">Vol. 1, no. 1 (1976)-v. 20, no. 10 (Oct. 26, 1995).</subfield></datafield><datafield ind1=" " ind2=" " tag="500"><subfield code="a">"Home Town news in print serving White Plains and Greenburgh."</subfield></datafield><datafield ind1=" " ind2=" " tag="500"><subfield code="a">Editor and Publisher: James C. Benerofe.</subfield></datafield><datafield ind1=" " ind2=" " tag="530"><subfield code="a">Issues from 1995- available through the internet as suburbanstreet.com.</subfield></datafield><datafield ind1=" " ind2=" " tag="580"><subfield code="a">Continued in 1995 by: www.suburbanstreet.com.</subfield></datafield><datafield ind1=" " ind2="0" tag="651"><subfield code="a">White Plains (N.Y.)</subfield><subfield code="v">Newspapers.</subfield></datafield><datafield ind1=" " ind2="0" tag="651"><subfield code="a">Westchester County (N.Y.)</subfield><subfield code="v">Newspapers.</subfield></datafield><datafield ind1=" " ind2="7" tag="655"><subfield code="a">Newspapers.</subfield><subfield code="2">fast</subfield><subfield code="0">(OCoLC)fst01423814</subfield></datafield><datafield ind1=" " ind2="7" tag="651"><subfield code="a">New York (State)</subfield><subfield code="z">Westchester County.</subfield><subfield code="2">fast</subfield><subfield code="0">(OCoLC)fst01202684</subfield></datafield><datafield ind1=" " ind2="7" tag="651"><subfield code="a">New York (State)</subfield><subfield code="z">White Plains.</subfield><subfield code="2">fast</subfield><subfield code="0">(OCoLC)fst01212009</subfield></datafield><datafield ind1="2" ind2=" " tag="710"><subfield code="a">Suburban Street News, Inc.</subfield></datafield><datafield ind1=" " ind2=" " tag="752"><subfield code="a">United States</subfield><subfield code="b">New York</subfield><subfield code="c">Westchester</subfield><subfield code="d">White Plains.</subfield></datafield><datafield ind1="0" ind2="0" tag="785"><subfield code="t">Suburban street (White Plains, N.Y. : Online)</subfield><subfield code="w">(DLC)sn2003060423</subfield><subfield code="w">(OCoLC)52933512</subfield></datafield><datafield ind1="4" ind2="1" tag="856"><subfield code="u">http://www.suburbanstreet.com</subfield></datafield></record>